ni1707,20170405,20170404,19:47:57,0,83610,2,83610,83610,83610,-1,83610,85980,5,85370,2,898807812090,167220,83980,90,84000,
ni1707,20170405,20170404,19:47:57,500,83610,2,83610,83610,83610,-1,83610,85980,9,85370,2,898807812090,167220,83980,90,84000,
ni1707,20170405,20170404,19:47:58,0,83610,2,83610,83610,83610,-1,83610,85970,1,85370,2,898807812090,167220,83980,90,84000,
ni1707,20170405,20170404,19:47:58,500,83610,2,83610,83610,83610,-1,83610,85960,5,85370,2,898807812090,167220,83980,90,84000,
ni1707,20170405,20170404,19:47:59,0,83610,2,83610,83610,83610,-1,83610,85960,9,85380,1,898807812090,167220,83980,90,84000,
ni1707,20170405,20170404,19:47:59,500,83610,2,83610,83610,83610,-1,83610,85960,9,85390,1,898807812090,167220,83980,90,84000,
ni1707,20170405,20170404,19:48:00,0,83610,2,83610,83610,83610,-1,83610,85950,1,85390,1,898807812090,167220,83980,90,84000,
ni1707,20170405,20170404,19:48:00,500,83610,2,83610,83610,83610,-1,83610,85940,5,85390,1,898807812090,167220,83980,90,84000,
ni1707,20170405,20170404,19:48:01,0,83610,2,83610,83610,83610,-1,83610,85940,9,85110,1,898807812090,167220,83980,90,84000,
ni1707,20170405,20170404,19:48:01,500,83610,2,83610,83610,83610,-1,83610,85940,9,85120,10,898807812090,167220,83980,90,84000,
ni1707,20170405,20170404,19:48:02,0,83610,2,83610,83610,83610,-1,83610,85930,1,85120,10,898807812090,167220,83980,90,84000,
ni1707,20170405,20170404,19:48:02,500,83610,2,83610,83610,83610,-1,83610,85920,6,85120,10,898807812090,167220,83980,90,84000,
ni1707,20170405,20170404,19:48:03,0,83610,2,83610,83610,83610,-1,83610,85920,10,85130,1,898807812090,167220,83980,90,84000,
ni1707,20170405,20170404,19:48:03,500,83610,2,83610,83610,83610,-1,83610,85920,10,85140,9,898807812090,167220,83980,90,84000,
ni1707,20170405,20170404,19:48:04,0,83610,2,83610,83610,83610,-1,83610,85920,10,85150,1,898807812090,167220,83980,90,84000,
ni1707,20170405,20170404,19:48:04,500,83610,2,83610,83610,83610,-1,83610,85920,10,85160,9,898807812090,167220,83980,90,84000,
ni1707,20170405,20170404,19:48:05,0,83610,2,83610,83610,83610,-1,83610,85920,10,85170,1,898807812090,167220,83980,90,84000,
ni1707,20170405,20170404,19:48:05,500,83610,2,83610,83610,83610,-1,83610,85920,10,85180,9,898807812090,167220,83980,90,84000,
ni1707,20170405,20170404,19:48:06,0,83610,2,83610,83610,83610,-1,83610,85920,10,85190,1,898807812090,167220,83980,90,84000,
ni1707,20170405,20170404,19:48:06,500,83610,2,83610,83610,83610,-1,83610,85920,10,85200,9,898807812090,167220,83980,90,84000,
ni1707,20170405,20170404,19:48:07,500,83610,2,83610,83610,83610,-1,83610,85920,10,85200,9,898807812090,167220,83980,90,84000,
ni1707,20170405,20170404,19:48:08,0,83610,2,83610,83610,83610,-1,83610,85920,10,85210,1,898807812090,167220,83980,90,84000,
ni1707,20170405,20170404,19:48:08,500,83610,2,83610,83610,83610,-1,83610,85920,10,85220,8,898807812090,167220,83980,90,84000,
ni1707,20170405,20170404,19:48:09,500,83610,2,83610,83610,83610,-1,83610,85920,10,85220,8,898807812090,167220,83980,90,84000,
ni1707,20170405,20170404,19:48:10,0,83610,2,83610,83610,83610,-1,83610,85920,10,85230,1,898807812090,167220,83980,90,84000,
ni1707,20170405,20170404,19:48:10,500,83610,2,83610,83610,83610,-1,83610,85920,10,85240,8,898807812090,167220,83980,90,84000,
ni1707,20170405,20170404,19:48:11,0,83610,2,83610,83610,83610,-1,83610,85920,10,85240,8,898807812090,167220,83980,90,84000,
ni1707,20170405,20170404,19:48:11,500,83610,2,83610,83610,83610,-1,83610,85920,10,85250,1,898807812090,167220,83980,90,84000,
ni1707,20170405,20170404,19:48:12,0,83610,2,83610,83610,83610,-1,83610,85920,10,85260,8,898807812090,167220,83980,90,84000,
ni1707,20170405,20170404,19:48:13,0,83610,2,83610,83610,83610,-1,83610,85920,10,85260,8,898807812090,167220,83980,90,84000,
ni1707,20170405,20170404,19:48:13,500,83610,2,83610,83610,83610,-1,83610,85920,10,85270,1,898807812090,167220,83980,90,84000,
ni1707,20170405,20170404,19:48:14,0,83610,2,83610,83610,83610,-1,83610,85920,10,85280,6,898807812090,167220,83980,90,84000,
ni1707,20170405,20170404,19:48:15,500,83610,2,83610,83610,83610,-1,83610,85920,10,85280,6,898807812090,167220,83980,90,84000,
ni1707,20170405,20170404,19:48:16,0,83610,2,83610,83610,83610,-1,83610,85920,10,85290,1,898807812090,167220,83980,90,84000,
ni1707,20170405,20170404,19:48:16,500,83610,2,83610,83610,83610,-1,83610,85920,10,85300,6,898807812090,167220,83980,90,84000,
ni1707,20170405,20170404,19:48:17,500,83610,2,83610,83610,83610,-1,83610,85920,10,85300,6,898807812090,167220,83980,90,84000,
ni1707,20170405,20170404,19:48:18,0,83610,2,83610,83610,83610,-1,83610,85920,10,85310,1,898807812090,167220,83980,90,84000,
ni1707,20170405,20170404,19:48:18,500,83610,2,83610,83610,83610,-1,83610,85920,10,85320,6,898807812090,167220,83980,90,84000,
ni1707,20170405,20170404,19:48:19,500,83610,2,83610,83610,83610,-1,83610,85920,10,85320,6,898807812090,167220,83980,90,84000,
ni1707,20170405,20170404,19:48:20,0,83610,2,83610,83610,83610,-1,83610,85920,10,85330,1,898807812090,167220,83980,90,84000,
ni1707,20170405,20170404,19:48:20,500,83610,2,83610,83610,83610,-1,83610,85920,10,85340,5,898807812090,167220,83980,90,84000,
ni1707,20170405,20170404,19:48:21,500,83610,2,83610,83610,83610,-1,83610,85920,10,85340,5,898807812090,167220,83980,90,84000,
ni1707,20170405,20170404,19:48:22,0,83610,2,83610,83610,83610,-1,83610,85920,10,85350,1,898807812090,167220,83980,90,84000,
ni1707,20170405,20170404,19:48:22,500,83610,2,83610,83610,83610,-1,83610,85920,10,85360,3,898807812090,167220,83980,90,84000,
ni1707,20170405,20170404,19:48:23,500,83610,2,83610,83610,83610,-1,83610,85920,10,85360,3,898807812090,167220,83980,90,84000,
ni1707,20170405,20170404,19:48:24,0,83610,2,83610,83610,83610,-1,83610,85920,10,85370,1,898807812090,167220,83980,90,84000,
ni1707,20170405,20170404,19:48:24,500,83610,2,83610,83610,83610,-1,83610,85920,10,85380,3,898807812090,167220,83980,90,84000,
ni1707,20170405,20170404,19:48:25,500,83610,2,83610,83610,83610,-1,83610,85920,10,85380,3,898807812090,167220,83980,90,84000,
ni1707,20170405,20170404,19:48:26,0,83610,2,83610,83610,83610,-1,83610,85920,10,85380,3,898807812090,167220,83980,90,84000,
ni1707,20170405,20170404,19:48:28,500,83610,2,83610,83610,83610,-1,83610,85920,10,85380,3,898807812090,167220,83980,90,84000,
ni1707,20170405,20170404,19:48:35,0,83610,2,83610,83610,83610,-1,83610,85920,10,85380,3,898807812090,167220,83980,90,84000,
ni1707,20170405,20170404,19:48:36,500,83610,2,83610,83610,83610,-1,83610,85920,10,85380,3,898807812090,167220,83980,90,84000,
ni1707,20170405,20170404,19:48:37,500,83610,2,83610,83610,83610,-1,83610,85920,10,85380,3,898807812090,167220,83980,90,84000,
ni1707,20170405,20170404,19:48:39,0,83610,2,83610,83610,83610,-1,83610,85920,10,85380,3,898807812090,167220,83980,90,84000,
ni1707,20170405,20170404,19:48:40,500,83610,2,83610,83610,83610,-1,83610,85920,10,85380,4,898807812090,167220,83980,90,84000,
ni1707,20170405,20170404,19:48:42,0,83610,2,83610,83610,83610,-1,83610,85920,10,85380,2,898807812090,167220,83980,90,84000,
ni1707,20170405,20170404,19:48:43,500,83610,2,83610,83610,83610,-1,83610,85920,10,85170,1,898807812090,167220,83980,90,84000,
ni1707,20170405,20170404,19:48:44,0,83610,2,83610,83610,83610,-1,83610,85920,10,85180,10,898807812090,167220,83980,90,84000,
ni1707,20170405,20170404,19:48:45,0,83610,2,83610,83610,83610,-1,83610,85920,10,85180,10,898807812090,167220,83980,90,84000,
ni1707,20170405,20170404,19:48:45,500,83610,2,83610,83610,83610,-1,83610,85920,11,85180,10,898807812090,167220,83980,90,84000,
ni1707,20170405,20170404,19:48:48,500,83610,2,83610,83610,83610,-1,83610,85920,10,85180,10,898807812090,167220,83980,90,84000,
ni1707,20170405,20170404,19:48:49,0,83610,2,83610,83610,83610,-1,83610,85920,10,85180,10,898807812090,167220,83980,90,84000,
ni1707,20170405,20170404,19:48:52,500,83610,2,83610,83610,83610,-1,83610,85920,10,85180,10,898807812090,167220,83980,90,84000,
ni1707,20170405,20170404,19:48:56,500,83610,2,83610,83610,83610,-1,83610,85920,10,85190,1,898807812090,167220,83980,90,84000,
ni1707,20170405,20170404,19:48:57,0,83610,2,83610,83610,83610,-1,83610,85920,10,85200,9,898807812090,167220,83980,90,84000,
ni1707,20170405,20170404,19:48:57,500,83610,2,83610,83610,83610,-1,83610,85920,10,85200,10,898807812090,167220,83980,90,84000,
ni1707,20170405,20170404,20:10:33,0,83610,2,83610,83610,83610,-1,83610,85670,1,84790,1,898807812090,167220,83980,90,84000,
ni1707,20170405,20170404,20:10:33,500,83610,2,83610,83610,83610,-1,83610,85660,4,84800,10,898807812090,167220,83980,90,84000,
ni1707,20170405,20170404,20:10:34,0,83610,2,83610,83610,83610,-1,83610,85650,1,84800,11,898807812090,167220,83980,90,84000,
ni1707,20170405,20170404,20:10:34,500,83610,2,83610,83610,83610,-1,83610,85640,4,84800,11,898807812090,167220,83980,90,84000,
ni1707,20170405,20170404,20:10:35,0,83610,2,83610,83610,83610,-1,83610,85630,1,84800,11,898807812090,167220,83980,90,84000,
ni1707,20170405,20170404,20:10:35,500,83610,2,83610,83610,83610,-1,83610,85620,4,84800,11,898807812090,167220,83980,90,84000,
ni1707,20170405,20170404,20:10:36,0,83610,2,83610,83610,83610,-1,83610,85610,1,84800,11,898807812090,167220,83980,90,84000,
ni1707,20170405,20170404,20:10:36,500,83610,2,83610,83610,83610,-1,83610,85600,3,84800,11,898807812090,167220,83980,90,84000,
ni1707,20170405,20170404,20:10:37,0,83610,2,83610,83610,83610,-1,83610,85590,1,84800,11,898807812090,167220,83980,90,84000,
ni1707,20170405,20170404,20:10:37,500,83610,2,83610,83610,83610,-1,83610,85580,3,84800,11,898807812090,167220,83980,90,84000,
ni1707,20170405,20170404,20:10:38,0,83610,2,83610,83610,83610,-1,83610,85570,1,84800,11,898807812090,167220,83980,90,84000,
ni1707,20170405,20170404,20:10:38,500,83610,2,83610,83610,83610,-1,83610,85560,2,84800,11,898807812090,167220,83980,90,84000,
ni1707,20170405,20170404,20:10:39,0,83610,2,83610,83610,83610,-1,83610,85560,2,84800,11,898807812090,167220,83980,90,84000,
ni1707,20170405,20170404,20:10:41,500,83610,2,83610,83610,83610,-1,83610,85550,1,84800,11,898807812090,167220,83980,90,84000,
ni1707,20170405,20170404,20:10:42,0,83610,2,83610,83610,83610,-1,83610,85540,2,84800,11,898807812090,167220,83980,90,84000,
ni1707,20170405,20170404,20:10:44,500,83610,2,83610,83610,83610,-1,83610,85530,1,84800,11,898807812090,167220,83980,90,84000,
ni1707,20170405,20170404,20:10:45,0,83610,2,83610,83610,83610,-1,83610,85520,2,84800,11,898807812090,167220,83980,90,84000,
